@article{ 
  fig,
  author = { Figalli, Alessio },
  title = { The optimal partial transport problem },
  journal = { Arch. Ration. Mech. Anal. },
  year = { 2010 },
  pages = {  },
  URL = { http://cvgmt.sns.it/paper/1583/ },
  note = { cvgmt preprint}
}
@article{ 
  caff,
  author = { Luis A. Caffarelli and Robert J. McCann },
  title = { Free boundaries in optimal transport and Monge-Amp√®re obstacle problems },
  journal = { Annals of Mathematics },
  year = { 2010 },
  pages = {  },
  URL = { https://www.math.utoronto.ca/mccann/papers/annals2010.pdf},
}
@article{SPOT,
  TITLE = {{SPOT: Sliced Partial Optimal Transport}},
  AUTHOR = {Bonneel, Nicolas and Coeurjolly, David},
  URL = {https://hal.science/hal-02111220},
  JOURNAL = {{ACM Transactions on Graphics}},
  PUBLISHER = {{Association for Computing Machinery}},
  YEAR = {2019},
  DOI = {10.1145/3306346.3323021},
  PDF = {https://hal.science/hal-02111220v1/file/spot.pdf},
  HAL_ID = {hal-02111220},
  HAL_VERSION = {v1},
}
@book{monge,
  title={M{\'e}moire sur la th{\'e}orie des d{\'e}blais et des remblais},
  author={Monge, G.},
  url={https://books.google.fr/books?id=IG7CGwAACAAJ},
  year={1781},
  publisher={Imprimerie royale}
}
@article{Kant,
  author = {Kantorovich, L. V.},
  year = {2006},
  month = mar,
  title = {On the Translocation of Masses},
  journal = {Journal of Mathematical Sciences},
}

@article{Brenier,
  author = {Yann Brenier},
  title = {Polar factorization and monotone rearrangement of vector-valued functions},
  journal = {Communications on Pure and Applied Mathematics},
  year = {1991},
  volume = {44},
  number = {4},
  pages = {375--417}
}