@article{Dud,
  title={The Speed of Mean Glivenko-Cantelli Convergence},
  author={Richard M. Dudley},
  journal={Annals of Mathematical Statistics},
  year={1969},
  volume={40},
  pages={40-50},
  url={https://api.semanticscholar.org/CorpusID:121048606}
}
